@article{pizer1987adaptive,
  title={Adaptive histogram equalization and its variations},
  author={Pizer, Stephen M and Amburn, E Philip and Austin, John D and Cromartie, Robert and Geselowitz, Ari and Greer, Trey and ter Haar Romeny, Bart and Zimmerman, John B and Zuiderveld, Karel},
  journal={Computer vision, graphics, and image processing},
  volume={39},
  number={3},
  pages={355--368},
  year={1987},
  publisher={Elsevier}
}

@article{kim1997contrast,
  title={Contrast enhancement using brightness preserving bi-histogram equalization},
  author={Kim, Yeong-Taeg},
  journal={IEEE transactions on Consumer Electronics},
  volume={43},
  number={1},
  pages={1--8},
  year={1997},
  publisher={IEEE}
}

@article{land1977retinex,
  title={The retinex theory of color vision},
  author={Land, Edwin H},
  journal={Scientific american},
  volume={237},
  number={6},
  pages={108--129},
  year={1977},
  publisher={JSTOR}
}

@inproceedings{chen2018learning,
  title={Learning to see in the dark},
  author={Chen, Chen and Chen, Qifeng and Xu, Jia and Koltun, Vladlen},
  booktitle={Proceedings of the IEEE Conference on Computer Vision and Pattern Recognition},
  pages={3291--3300},
  year={2018}
}

@inproceedings{malik2019llrnet,
  title={Llrnet: A multiscale subband learning approach for low light image restoration},
  author={Malik, Sameer and Soundararajan, Rajiv},
  booktitle={2019 IEEE International Conference on Image Processing (ICIP)},
  pages={779--783},
  year={2019},
  organization={IEEE}
}

@article{borglund2019spatio,
  title={Spatio-Temporal Noise Filtering using Convolutional Neural Networks with a Realistic Noise Model under Low-Light Conditions},
  author={Borglund, Tim and Nilsson, Tor},
  journal={Master's Thesis in Mathematical Sciences},
  year={2019}
}

@article{tong2017convolutional,
  title={A convolutional neural network based method for event classification in event-driven multi-sensor network},
  author={Tong, Chao and Li, Jun and Zhu, Fumin},
  journal={Computers \& Electrical Engineering},
  volume={60},
  pages={90--99},
  year={2017},
  publisher={Elsevier}
}

@article{krishnan2019image,
  title={Image Enhancement and Denoising in Extreme Low-Light Conditions},
  author={Krishnan, Utsav and Agarwal, Ayush and Senthil, Avinash and Chattopadhyay, Pratik},
  year={2019},
  publisher={Blue Eyes Intelligence Engineering and Sciences Publication}
}

@inproceedings{xiang2019effective,
  title={An Effective Network with ConvLSTM for Low-Light Image Enhancement},
  author={Xiang, Yixi and Fu, Ying and Zhang, Lei and Huang, Hua},
  booktitle={Chinese Conference on Pattern Recognition and Computer Vision (PRCV)},
  pages={221--233},
  year={2019},
  organization={Springer}
}

@article{park2018dual,
  title={Dual autoencoder network for retinex-based low-light image enhancement},
  author={Park, Seonhee and Yu, Soohwan and Kim, Minseo and Park, Kwanwoo and Paik, Joonki},
  journal={IEEE Access},
  volume={6},
  pages={22084--22093},
  year={2018},
  publisher={IEEE}
}

@article{wang2019image,
  title={Image enhancement algorithm with convolutional auto-encoder network},
  author={WANG, Wan-liang and YANG, Xiao-han and ZHAO, Yan-wei and GAO, Nan and LV, Chuang and ZHANG, Zhao-juan},
  journal={Journal of ZheJiang University (Engineering Science)},
  volume={53},
  number={9},
  pages={1728--1740},
  year={2019}
}

@article{ren2019low,
  title={Low-light image enhancement via a deep hybrid network},
  author={Ren, Wenqi and Liu, Sifei and Ma, Lin and Xu, Qianqian and Xu, Xiangyu and Cao, Xiaochun and Du, Junping and Yang, Ming-Hsuan},
  journal={IEEE Transactions on Image Processing},
  volume={28},
  number={9},
  pages={4364--4375},
  year={2019},
  publisher={IEEE}
}

@article{lore2017llnet,
  title={LLNet: A deep autoencoder approach to natural low-light image enhancement},
  author={Lore, Kin Gwn and Akintayo, Adedotun and Sarkar, Soumik},
  journal={Pattern Recognition},
  volume={61},
  pages={650--662},
  year={2017},
  publisher={Elsevier}
}

@article{Huang2013Efficient,
  title={Efficient Contrast Enhancement Using Adaptive Gamma Correction With Weighting Distribution},
  author={Huang, S.-C and Cheng, F.-C and Chiu, Y.-S},
  journal={IEEE Transactions on Image Processing A Publication of the IEEE Signal Processing Society},
  volume={22},
  number={3},
  pages={p.1032-1041},
  year={2013},
}

@article{LiStructure,
  title={Structure-Revealing Low-Light Image Enhancement via Robust Retinex Model},
  author={Li, Mading and Liu, Jiaying and Yang, Wenhan and Sun, Xiaoyan and Guo, Zongming},
  journal={IEEE Transactions on Image Processing},
  pages={1-1},
  year={2018},
}

@article{Wei2018Deep,
  title={Deep Retinex Decomposition for Low-Light Enhancement},
  author={Wei, Chen and Wang, Wenjing and Yang, Wenhan and Liu, Jiaying},
  year={2018},
}

@article{Xu2019STAR,
  title={STAR: A Structure and Texture Aware Retinex Model},
  author={Xu, Jun and Hou, Yingkun and Ren, Dongwei and Liu, Li and Zhu, Fan and Yu, Mengyang and Wang, Haoqian and Shao, Ling},
  year={2019},
}

@inproceedings{kurihara2019low,
  title={Low-Light Image Enhancement via Adaptive Shape and Texture Prior},
  author={Kurihara, Kazuki and Yoshida, Hiromi and Iiguni, Youji},
  booktitle={2019 15th International Conference on Signal-Image Technology \& Internet-Based Systems (SITIS)},
  pages={74--81},
  year={2019},
  organization={IEEE}
}

@inproceedings{wang2018gladnet,
  title={Gladnet: Low-light enhancement network with global awareness},
  author={Wang, Wenjing and Wei, Chen and Yang, Wenhan and Liu, Jiaying},
  booktitle={2018 13th IEEE International Conference on Automatic Face \& Gesture Recognition (FG 2018)},
  pages={751--755},
  year={2018},
  organization={IEEE}
}

@article{guo2016lime,
  title={LIME: Low-light image enhancement via illumination map estimation},
  author={Guo, Xiaojie and Li, Yu and Ling, Haibin},
  journal={IEEE Transactions on Image Processing},
  volume={26},
  number={2},
  pages={982--993},
  year={2016},
  publisher={IEEE}
}

@article{rudin1992nonlinear,
  title={Nonlinear total variation based noise removal algorithms},
  author={Rudin, Leonid I and Osher, Stanley and Fatemi, Emad},
  journal={Physica D: nonlinear phenomena},
  volume={60},
  number={1-4},
  pages={259--268},
  year={1992},
  publisher={North-Holland}
}

@inproceedings{cai2017joint,
  title={A joint intrinsic-extrinsic prior model for retinex},
  author={Cai, Bolun and Xu, Xianming and Guo, Kailing and Jia, Kui and Hu, Bin and Tao, Dacheng},
  booktitle={Proceedings of the IEEE International Conference on Computer Vision},
  pages={4000--4009},
  year={2017}
}

@article{hao2018low,
  title={Low-light image enhancement with a refined illumination map},
  author={Hao, Shijie and Feng, Zhuang and Guo, Yanrong},
  journal={Multimedia Tools and Applications},
  volume={77},
  number={22},
  pages={29639--29650},
  year={2018},
  publisher={Springer}
}

@inproceedings{wang2019underexposed,
  title={Underexposed photo enhancement using deep illumination estimation},
  author={Wang, Ruixing and Zhang, Qing and Fu, Chi-Wing and Shen, Xiaoyong and Zheng, Wei-Shi and Jia, Jiaya},
  booktitle={Proceedings of the IEEE Conference on Computer Vision and Pattern Recognition},
  pages={6849--6857},
  year={2019}
}

@inproceedings{zhang2019kindling,
  title={Kindling the Darkness: A Practical Low-light Image Enhancer},
  author={Zhang, Yonghua and Zhang, Jiawan and Guo, Xiaojie},
  booktitle={Proceedings of the 27th ACM International Conference on Multimedia},
  pages={1632--1640},
  year={2019}
}

@inproceedings{dong2011fast,
  title={Fast efficient algorithm for enhancement of low lighting video},
  author={Dong, Xuan and Wang, Guan and Pang, Yi and Li, Weixin and Wen, Jiangtao and Meng, Wei and Lu, Yao},
  booktitle={2011 IEEE International Conference on Multimedia and Expo},
  pages={1--6},
  year={2011},
  organization={IEEE}
}